%% This BibTeX bibliography file was created using BibDesk.
%% http://bibdesk.sourceforge.net/


%% Created for Lauro Cesar Araujo at 2013-08-21 10:57:09 -0300 


%% Saved with string encoding Unicode (UTF-8) 

@misc { SITEGURUSHOTS,
	author = "{GuruShots}",
	year = 2018,
    title = "\textup{\textbf{Black and White Photography Tips:} The 5 Cornerstones of All Great Monochrome Photos}",
    url = "https://gurushots.com/article/black-and-white-photography-guide",
    urlaccessdate = "Março de 2018"
}

@misc { SITEMASTERING,
	author = "Josh S. Rose",
	year = 2018,
    title = "\textup{\textbf{Mastering Black And White Photography}}",
    url = "https://medium.com/@joshrose/mastering-black-and-white-photography-2b723f794b59",
    urlaccessdate = "Março de 2018"
}

@misc { SITE7TIPS,
	author = "John McIntire",
	year = 2015,
    title = "\textup{\textbf{7 Tips for Black and White Portrait Photography}}",
    url = "https://digital-photography-school.com/7-tips-for-black-and-white-portrait-photography/",
    urlaccessdate = "Março de 2018"
}

@misc { SITE6LUZ,
	author = "Alex Schult",
	year = 2017,
    title = "\textup{\textbf{5 More Tips for Making Better Black and White Portraits}}",
    url = "https://digital-photography-school.com/tips-better-black-and-white-portraits/",
    urlaccessdate = "Março de 2018"
}

@misc { SITE5TIPS,
	author = "Andrew S. Gibson",
	year = 2017,
    title = "\textup{\textbf{6 Classic Portrait Photography Lighting Setups}}",
    url = "https://medium.com/photographytalk/6-classic-portrait-photography-lighting-setups-7fa40b51fee0",
    urlaccessdate = "Março de 2018"
}

@misc { SITEEXPERT,
	author = "Taya Ivanova",
	year = 2018,
    title = "\textup{\textbf{Black and White Photography:} How to Take Stunning Portraits}",
    url = "https://expertphotography.com/black-and-white-portrait-photography/",
    urlaccessdate = "Março de 2018"
}

